% DO NOT DELETE This File!!!

% encoding: UTF-8

% empty file

@inproceedings{milgram1995augmented,
  title={Augmented reality: A class of displays on the reality-virtuality continuum},
  author={Milgram, Paul and Takemura, Haruo and Utsumi, Akira and Kishino, Fumio},
  booktitle={Photonics for Industrial Applications},
  pages={282--292},
  year={1995},
  organization={International Society for Optics and Photonics}
}

@inproceedings{FengZhou:2008:TAR:1605298.1605333,
 author = {Feng Zhou and Duh, Henry Been-Lirn and Billinghurst, Mark},
 title = {Trends in Augmented Reality Tracking, Interaction and Display: A Review of Ten Years of ISMAR},
 booktitle = {Proceedings of the 7th IEEE/ACM International Symposium on Mixed and Augmented Reality},
 series = {ISMAR '08},
 year = {2008},
 isbn = {978-1-4244-2840-3},
 pages = {193--202},
 numpages = {10},
 url = {http://dx.doi.org/10.1109/ISMAR.2008.4637362},
 doi = {10.1109/ISMAR.2008.4637362},
 acmid = {1605333},
 publisher = {IEEE Computer Society},
 address = {Washington, DC, USA},
} 

@article{azuma1997survey,
  title={A survey of augmented reality},
  author={Azuma, Ronald T and others},
  journal={Presence},
  volume={6},
  number={4},
  pages={355--385},
  year={1997},
  publisher={MIT Press}
}

@article{azuma2001recent,
  title={Recent advances in augmented reality},
  author={Azuma, Ronald and Baillot, Yohan and Behringer, Reinhold and Feiner, Steven and Julier, Simon and MacIntyre, Blair},
  journal={Computer Graphics and Applications, IEEE},
  volume={21},
  number={6},
  pages={34--47},
  year={2001},
  publisher={IEEE}
}

@article{全红艳2008基于视觉的增强现实技术研究综述,
  title={基于视觉的增强现实技术研究综述},
  author={全红艳 and 王长波 and 林俊隽},
  journal={机器人},
  volume={30},
  number={4},
  pages={379--384},
  year={2008}
}

@inproceedings{Bai:2013:FIH:2543651.2543667,
 author = {Bai, Huidong and Gao, Lei and El-Sana, Jihad and Billinghurst, Mark},
 title = {Free-hand Interaction for Handheld Augmented Reality Using an RGB-depth Camera},
 booktitle = {SIGGRAPH Asia 2013 Symposium on Mobile Graphics and Interactive Applications},
 series = {SA '13},
 year = {2013},
 isbn = {978-1-4503-2633-9},
 location = {Hong Kong, Hong Kong},
 pages = {22:1--22:4},
 articleno = {22},
 numpages = {4},
 url = {http://doi.acm.org/10.1145/2543651.2543667},
 doi = {10.1145/2543651.2543667},
 acmid = {2543667},
 publisher = {ACM},
 address = {New York, NY, USA},
 keywords = {3D user interfaces, gesture interaction, hand skeletonization, handheld augmented reality},
} 

@article{Zhou:2013:DSR:2461912.2461919,
 author = {Zhou, Qian-Yi and Koltun, Vladlen},
 title = {Dense Scene Reconstruction with Points of Interest},
 journal = {ACM Trans. Graph.},
 issue_date = {July 2013},
 volume = {32},
 number = {4},
 month = jul,
 year = {2013},
 issn = {0730-0301},
 pages = {112:1--112:8},
 articleno = {112},
 numpages = {8},
 url = {http://doi.acm.org/10.1145/2461912.2461919},
 doi = {10.1145/2461912.2461919},
 acmid = {2461919},
 publisher = {ACM},
 address = {New York, NY, USA},
 keywords = {range imaging, scene reconstruction},
} 


@inproceedings{Lee:2009:FIM:1643928.1643961,
 author = {Lee, Gun A. and Yang, Ungyeon and Kim, Yongwan and Jo, Dongsik and Kim, Ki-Hong and Kim, Jae Ha and Choi, Jin Sung},
 title = {Freeze-Set-Go Interaction Method for Handheld Mobile Augmented Reality Environments},
 booktitle = {Proceedings of the 16th ACM Symposium on Virtual Reality Software and Technology},
 series = {VRST '09},
 year = {2009},
 isbn = {978-1-60558-869-8},
 location = {Kyoto, Japan},
 pages = {143--146},
 numpages = {4},
 url = {http://doi.acm.org/10.1145/1643928.1643961},
 doi = {10.1145/1643928.1643961},
 acmid = {1643961},
 publisher = {ACM},
 address = {New York, NY, USA},
 keywords = {augmented reality, handheld interface, touch interaction},
} 

@inproceedings{Bai:2014:GIH:2669062.2669073,
 author = {Bai, Huidong and Lee, Gun A. and Ramakrishnan, Mukundan and Billinghurst, Mark},
 title = {3D Gesture Interaction for Handheld Augmented Reality},
 booktitle = {SIGGRAPH Asia 2014 Mobile Graphics and Interactive Applications},
 series = {SA '14},
 year = {2014},
 isbn = {978-1-4503-1891-4},
 location = {Shenzhen, China},
 pages = {7:1--7:6},
 articleno = {7},
 numpages = {6},
 url = {http://doi.acm.org/10.1145/2669062.2669073},
 doi = {10.1145/2669062.2669073},
 acmid = {2669073},
 publisher = {ACM},
 address = {New York, NY, USA},
 keywords = {gesture interaction, handheld augmented reality},
} 

@inproceedings{Chun:2013:RHI:2449396.2449435,
 author = {Chun, Wendy H. and H\"{o}llerer, Tobias},
 title = {Real-time Hand Interaction for Augmented Reality on Mobile Phones},
 booktitle = {Proceedings of the 2013 International Conference on Intelligent User Interfaces},
 series = {IUI '13},
 year = {2013},
 isbn = {978-1-4503-1965-2},
 location = {Santa Monica, California, USA},
 pages = {307--314},
 numpages = {8},
 url = {http://doi.acm.org/10.1145/2449396.2449435},
 doi = {10.1145/2449396.2449435},
 acmid = {2449435},
 publisher = {ACM},
 address = {New York, NY, USA},
 keywords = {augmented reality, gesture recognition, hand-based interaction, mobile phone},
} 

@article{Chen:2014:ASM:2661229.2661239,
 author = {Chen, Kang and Lai, Yu-Kun and Wu, Yu-Xin and Martin, Ralph and Hu, Shi-Min},
 title = {Automatic Semantic Modeling of Indoor Scenes from Low-quality RGB-D Data Using Contextual Information},
 journal = {ACM Trans. Graph.},
 issue_date = {November 2014},
 volume = {33},
 number = {6},
 month = nov,
 year = {2014},
 issn = {0730-0301},
 pages = {208:1--208:12},
 articleno = {208},
 numpages = {12},
 url = {http://doi.acm.org/10.1145/2661229.2661239},
 doi = {10.1145/2661229.2661239},
 acmid = {2661239},
 publisher = {ACM},
 address = {New York, NY, USA},
 keywords = {3D scenes, indoor scenes, model retrieval, part assembly, semantic modeling},
} 


@INPROCEEDINGS{kinectieee, 
author={Newcombe, Richard A. and Izadi, Shahram and Hilliges, Otmar and Molyneaux, David and Kim, David and Davison, Andrew J. and Kohi, Pushmeet and Shotton, Jamie and Hodges, Steve and Fitzgibbon, Andrew}, 
booktitle={Mixed and Augmented Reality (ISMAR), 2011 10th IEEE International Symposium on}, 
title={KinectFusion: Real-time dense surface mapping and tracking}, 
year={2011}, 
month={Oct}, 
pages={127-136}, 
keywords={Cameras;Image reconstruction;Iterative closest point algorithm;Real time systems;Simultaneous localization and mapping;Surface reconstruction;Three dimensional displays;AR;Dense Reconstruction;Depth Cameras;GPU;Real-Time;SLAM;Tracking;Volumetric Representation}, 
doi={10.1109/ISMAR.2011.6092378},}

@inproceedings{Izadi:2011:KRR:2047196.2047270,
 author = {Izadi, Shahram and Kim, David and Hilliges, Otmar and Molyneaux, David and Newcombe, Richard and Kohli, Pushmeet and Shotton, Jamie and Hodges, Steve and Freeman, Dustin and Davison, Andrew and Fitzgibbon, Andrew},
 title = {KinectFusion: Real-time 3D Reconstruction and Interaction Using a Moving Depth Camera},
 booktitle = {Proceedings of the 24th Annual ACM Symposium on User Interface Software and Technology},
 series = {UIST '11},
 year = {2011},
 isbn = {978-1-4503-0716-1},
 location = {Santa Barbara, California, USA},
 pages = {559--568},
 numpages = {10},
 url = {http://doi.acm.org/10.1145/2047196.2047270},
 doi = {10.1145/2047196.2047270},
 acmid = {2047270},
 publisher = {ACM},
 address = {New York, NY, USA},
 keywords = {3D, AR, GPU, depth cameras, geometry-aware interactions, physics, surface reconstruction, tracking},
} 

@article{Shao:2012:IAS:2366145.2366155,
 author = {Shao, Tianjia and Xu, Weiwei and Zhou, Kun and Wang, Jingdong and Li, Dongping and Guo, Baining},
 title = {An Interactive Approach to Semantic Modeling of Indoor Scenes with an RGBD Camera},
 journal = {ACM Trans. Graph.},
 issue_date = {November 2012},
 volume = {31},
 number = {6},
 month = nov,
 year = {2012},
 issn = {0730-0301},
 pages = {136:1--136:11},
 articleno = {136},
 numpages = {11},
 url = {http://doi.acm.org/10.1145/2366145.2366155},
 doi = {10.1145/2366145.2366155},
 acmid = {2366155},
 publisher = {ACM},
 address = {New York, NY, USA},
 keywords = {depth images, indoor scene, labeling, random regress forest, segmentation},
} 

@inproceedings{Izadi:2011:KRD:2037826.2037857,
 author = {Izadi, Shahram and Newcombe, Richard A. and Kim, David and Hilliges, Otmar and Molyneaux, David and Hodges, Steve and Kohli, Pushmeet and Shotton, Jamie and Davison, Andrew J. and Fitzgibbon, Andrew},
 title = {KinectFusion: Real-time Dynamic 3D Surface Reconstruction and Interaction},
 booktitle = {ACM SIGGRAPH 2011 Talks},
 series = {SIGGRAPH '11},
 year = {2011},
 isbn = {978-1-4503-0974-5},
 location = {Vancouver, British Columbia, Canada},
 pages = {23:1--23:1},
 articleno = {23},
 numpages = {1},
 url = {http://doi.acm.org/10.1145/2037826.2037857},
 doi = {10.1145/2037826.2037857},
 acmid = {2037857},
 publisher = {ACM},
 address = {New York, NY, USA},
}

@inproceedings{Csongei:2012:CRR:2473501.2474179,
 author = {Csongei, Michael and Hoang, Liem and Eck, Ulrich and Sandor, Christian},
 title = {ClonAR: Rapid Redesign of Real-world Objects},
 booktitle = {Proceedings of the 2012 IEEE International Symposium on Mixed and Augmented Reality (ISMAR)},
 series = {ISMAR '12},
 year = {2012},
 isbn = {978-1-4673-4660-3},
 pages = {277--278},
 numpages = {2},
 url = {http://dx.doi.org/10.1109/ISMAR.2012.6402572},
 doi = {10.1109/ISMAR.2012.6402572},
 acmid = {2474179},
 publisher = {IEEE Computer Society},
 address = {Washington, DC, USA},
 keywords = {Rendering (computer graphics),Haptic interfaces,USA Councils,Lighting,Real-time systems,Augmented reality,Cloning,H.1.2. [Information Systems]: Models and Principles\&\#8212, [Artificial, augmented and virtual realities],H.5.2. [Information Interfaces and Presentation]: User Interfaces\&\#8212, [Haptic I/O ], [Human factors],H.5.1. [Information Interfaces and Presentation]: Multimedia Information Systems\&\#8212},
}

@inproceedings{Clifford:2011:UAR:2000756.2000774,
 author = {Clifford, Rory and Clark, Adrian and Rogozin, Mikhail},
 title = {Using Augmented Reality for Rapid Prototyping and Collaborative Design to Model 3D Buildings},
 booktitle = {Proceedings of the 12th Annual Conference of the New Zealand Chapter of the ACM Special Interest Group on Computer-Human Interaction},
 series = {CHINZ '11},
 year = {2011},
 isbn = {978-1-4503-0676-8},
 location = {Hamilton, New Zealand},
 pages = {117--120},
 numpages = {4},
 url = {http://doi.acm.org/10.1145/2000756.2000774},
 doi = {10.1145/2000756.2000774},
 acmid = {2000774},
 publisher = {ACM},
 address = {New York, NY, USA},
 keywords = {3D modeling, augmented reality, computer vision, design},
}

@inproceedings{Zollmann:2012:DDM:2407336.2407347,
 author = {Zollmann, Stefanie and Reitmayr, Gerhard},
 title = {Dense Depth Maps from Sparse Models and Image Coherence for Augmented Reality},
 booktitle = {Proceedings of the 18th ACM Symposium on Virtual Reality Software and Technology},
 series = {VRST '12},
 year = {2012},
 isbn = {978-1-4503-1469-5},
 location = {Toronto, Ontario, Canada},
 pages = {53--60},
 numpages = {8},
 url = {http://doi.acm.org/10.1145/2407336.2407347},
 doi = {10.1145/2407336.2407347},
 acmid = {2407347},
 publisher = {ACM},
 address = {New York, NY, USA},
 keywords = {augmented reality, depth map estimation, segmentation},
} 

@inproceedings{Redondo:2014:EQA:2669711.2669938,
 author = {Redondo, Ernest and Valls, Francesc and Fonseca, David and Navarro, Isidro and Villagrasa, Sergi and Olivares, Adriana and Peredo, Alberto},
 title = {Educational Qualitative Assessment of Augmented Reality Models and Digital Sketching Applied to Urban Planning},
 booktitle = {Proceedings of the Second International Conference on Technological Ecosystems for Enhancing Multiculturality},
 series = {TEEM '14},
 year = {2014},
 isbn = {978-1-4503-2896-8},
 location = {Salamanca, Spain},
 pages = {447--454},
 numpages = {8},
 url = {http://doi.acm.org/10.1145/2669711.2669938},
 doi = {10.1145/2669711.2669938},
 acmid = {2669938},
 publisher = {ACM},
 address = {New York, NY, USA},
 keywords = {digital skills assessment, e-learning, evaluation with augmented reality, motivation, qualitative assessment, user experience},
} 

@misc{motion2012leap,
    Address = {Online},
    Citedate = {2014},
    Date-Modified = {2014},
    Note = {\url{https://www.leapmotion.com}},
    Publisher = {Leap Motion, Inc},
    Read = {0},
    Title = {Leap Motion Controller},
    Typeoflit = {EB/OL}
}
	
%@article{motion2012leap,
  %title={Leap},
  %author={Motion, Leap},
  %journal={URL: https://www.leapmotion.com},
  %publisher = "\url{https://www.leapmotion.com}",
  %year={2012}
%}

@misc{googleglass,
    Address = {Online},
    Citedate = {2014},
    Date-Modified = {2014},
    Note = {\url{http://www.google.com/glass/start/}},
    Publisher = {Google, Inc},
    Read = {0},
    Title = {The Glass Explorer Program},
    Typeoflit = {EB/OL}
}

@misc{sketchup,
    Address = {Online},
    Citedate = {2014},
    Date-Modified = {2013},
    Note = {\url{http://www.sketchup.com/}},
    Publisher = {Trimble Navigation Limited},
    Read = {0},
    Title = {The easiest way to draw in 3D},
    Typeoflit = {EB/OL}
}

@article{FIGI,
  title={FIGI: floating interface for gesture-based interaction},
  author={De Marsico, M and Levialdi, S and Nappi, M and Ricciardi, S},
  journal={Journal of Ambient Intelligence and Humanized Computing},
  pages={1--14},
  year={2012},
  publisher={Springer},
  DOI= {10.1007/s12652-012-0160-9}
}

%Real-TimeHandTracking
  @inproceedings{MIME,
  title={Mime: compact, low power 3D gesture sensing for interaction with head mounted displays},
  author={Cola{\c{c}}o, Andrea and Kirmani, Ahmed and Yang, Hye Soo and Gong, Nan-Wei and Schmandt, Chris and Goyal, Vivek K},
  booktitle={Proceedings of the 26th annual ACM symposium on User interface software and technology},
  pages={227--236},
  year={2013},
  publisher={ACM},
  ADDRESS = {New York},  
  DOI = {10.1145/2501988.2502042}
}

%BareHand
@incollection{ha2006bare,
  title={Bare hand interface for interaction in the video see-through HMD based wearable AR environment},
  author={Ha, Taejin and Woo, Woontack},
  booktitle={Entertainment Computing-ICEC 2006},
  pages={354-357},
  year={2006},
 publisher={Springer-Verlag},
 ADDRESS = {Berlin, Heidelberg},  
DOI = {10.1007/11872320_48}
}

@inproceedings{LookingGlass,
  title={Through the looking glass: the use of lenses as an interface tool for Augmented Reality interfaces},
  author={Looser, Julian and Billinghurst, Mark and Cockburn, Andy},
  booktitle={Proceedings of the 2nd international conference on Computer graphics and interactive techniques in Australasia and South East Asia},
  pages={204-211},
  year={2004},
  publisher={ACM},
  ADDRESS = {New York},  
  DOI = {10.1145/988834.988870}
}

@inproceedings{Milgram:2009:TDC:1643928.1643932,
 author = {Milgram, Paul},
 title = {A Taxonomy of (Real and Virtual World) Display and Control Interactions},
 booktitle = {Proceedings of the 16th ACM Symposium on Virtual Reality Software and Technology},
 series = {VRST '09},
 year = {2009},
 isbn = {978-1-60558-869-8},
 location = {Kyoto, Japan},
 pages = {10--10},
 numpages = {1},
 url = {http://doi.acm.org/10.1145/1643928.1643932},
 doi = {10.1145/1643928.1643932},
 acmid = {1643932},
 publisher = {ACM},
 address = {New York, NY, USA},
}

%SideBySide
@inproceedings{SideBySide,
  title={SideBySide: ad-hoc multi-user interaction with handheld projectors},
  author={Willis, Karl DD and Poupyrev, Ivan and Hudson, Scott E and Mahler, Moshe},
  booktitle={Proceedings of the 24th annual ACM symposium on User interface software and technology},
  pages={431-440},
  year={2011},
  publisher={ACM},
  ADDRESS = {New York},  
DOI = {10.1145/2047196.2047254] }

%Pointing
@inproceedings{Pointing,
  title={Pointing with fingers, hands and arms for wearable computing},
  author={Oakley, Ian and Sunwoo, John and Cho, Il-Yeon},
  booktitle={CHI'08 Extended Abstracts on Human Factors in Computing Systems},
  pages={3255-3260},
  year={2008},
  publisher={ACM},
  ADDRESS = {New York},  
DOI = {10.1145/1358628.1358840}
}

%Real-TimeHandTracking
@inproceedings{TrackingBased,
  title={Tracking-based interaction for object creation in mobile augmented reality},
  author={H{\"u}rst, Wolfgang and Dekker, Joris},
  booktitle={Proceedings of the 21st ACM international conference on Multimedia},
  pages={93--102},
  year={2013},
  publisher={ACM},
  ADDRESS = {New York},  
  DOI = {10.1145/2502081.2502120}
}

@article{王晓春2007基于笔交互的表格制作,
  title={基于笔交互的表格制作},
  author={王晓春 and 田丰 and 戴国忠},
  journal={计算机辅助设计与图形学学报},
  volume={19},
  number={5},
  pages={558--562},
  year={2007}
}
%uTrack
@inproceedings{uTrack,
  title={uTrack: 3D input using two magnetic sensors},
  author={Chen, Ke-Yu and Lyons, Kent and White, Sean and Patel, Shwetak},
  booktitle={Proceedings of the 26th annual ACM symposium on User interface software and technology},
  pages={237-244},
  year={2013},
  publisher={ACM},
  ADDRESS = {New York},  
DOI = {10.1145/2501988.2502035}
}
%Free-Hands Interaction
@inproceedings{datcu2013free,
  title={Free-hands interaction in augmented reality},
  author={Datcu, Dragos and Lukosch, Stephan},
  booktitle={Proceedings of the 1st symposium on Spatial user interaction},
  pages={33-40},
  year={2013},
  publisher={ACM},
  ADDRESS = {New York},  
DOI = {10.1145/2491367.2491370} 
}

%Maintenance
@inproceedings{Maintenance,
  title={Designing a Wearable User Interface for Hands-free Interaction in Maintenance Applications.},
  author={Witt, Hendrik and Nicolai, Tom and Kenn, Holger},
  booktitle={PerCom Workshops},
  pages={652-655},
  year={2006},
  publisher={ACM},
  ADDRESS = {New York},  
  DOI = {10.1109/PERCOMW.2006.39}
}

@article{王修晖2007面向多投影显示墙的手势交互系统设计与实现,
  title={面向多投影显示墙的手势交互系统设计与实现},
  author={王修晖、华炜和鲍虎军},
  journal={计算机辅助设计与图形学学报},
  volume={19},
  number={3},
  pages={318--322},
  year={2007}
}

%BrainyHand
@inproceedings{BrainyHand,
  title={Brainy hand: an ear-worn hand gesture interaction device},
  author={Tamaki, Emi and Miyaki, Takashi and Rekimoto, Jun},
  booktitle={CHI'09 Extended Abstracts on Human Factors in Computing Systems},
  pages={4255-4260},
  year={2009},
  publisher={ACM},
  ADDRESS = {New York},  
DOI = {10.1145/1520340.1520649}
 }
 
 @article{孙超2011增强现实环境下的人手自然交互,
  title={增强现实环境下的人手自然交互},
  author={孙超、张明敏、李扬、汤兴和潘志庚},
  journal={计算机辅助设计与图形学学报},
  volume={23},
  number={4},
  pages={697--704},
  year={2011}
}

@inproceedings{oikonomidis2011efficient,
    title = {Efficient model-based 3D tracking of hand articulations using Kinect},
      author = {Iason Oikonomidis,  Nikolaos Kyriazis and  Antonis Argyros},
      year={2011},
      pages={101.1--101.11},
      booktitle={Proceedings of the British Machine Vision Conference},
      publisher={BMVA Press},
      editors={Hoey, Jesse and McKenna, Stephen and Trucco, Emanuele},
      isbn={1-901725-43-X},
      note = {http://dx.doi.org/10.5244/C.25.101},
	  ADDRESS = {United Kingdom},
  DOI = {10.5244/C.25.101},
}

  @inproceedings{DigiTaps,
  title={DigiTaps: eyes-free number entry on touchscreens with minimal audio feedback},
  author={Azenkot, Shiri and Bennett, Cynthia L and Ladner, Richard E},
  booktitle={Proceedings of the 26th annual ACM symposium on User interface software and technology},
  pages={85--90},
  year={2013},
  publisher={ACM},
  ADDRESS = {New York},  
  DOI = {10.1145/2501988.2502056}
}

  @inproceedings{MultiModal,
  title={Multimodal'eyes-free'interaction techniques for wearable devices},
  author={Brewster, Stephen and Lumsden, Joanna and Bell, Marek and Hall, Malcolm and Tasker, Stuart},
  booktitle={Proceedings of the SIGCHI conference on Human factors in computing systems},
  pages={473--480},
  year={2003},
  publisher={ACM},
  ADDRESS = {New York},  
  DOI = {10.1145/642611.642694}
}

%Mimetic
@inproceedings{Mimetic,
  title={Hands-free input interface using mimetic muscle movements for wearable computer},
  author={Hiyama, Atsushi and Tanikawa, Tomohiro and Hirose, Michitaka},
  booktitle={Computer-Human Interaction},
  pages={311-320},
  year={2008},
  publisher={Springer-Verlag},
  ADDRESS = {Berlin Heidelberg},  
  DOI = {10.1007/978-3-540-70585-7}
}
@inproceedings{chan2013fingerpad,
  title={FingerPad: private and subtle interaction using fingertips},
  author={Chan, Liwei and Liang, Rong-Hao and Tsai, Ming-Chang and Cheng, Kai-Yin and Su, Chao-Huai and Chen, Mike Y and Cheng, Wen-Huang and Chen, Bing-Yu},
  booktitle={Proceedings of the 26th annual ACM symposium on User interface software and technology},
  pages={255--260},
  year={2013},
  publisher={ACM},
  ADDRESS = {New York},  
}

  @inproceedings{Eye-q,
  title={eye-q: Eyeglass peripheral display for subtle intimate notifications},
  author={Costanza, Enrico and Inverso, Samuel A and Pavlov, Elan and Allen, Rebecca and Maes, Pattie},
  booktitle={Proceedings of the 8th conference on Human-computer interaction with mobile devices and services},
  pages={211--218},
  year={2006},
  publisher={ACM},
  ADDRESS = {New York},  
  DOI = {10.1145/1152215.1152261}
}
@inproceedings{vidal2013pursuits,
  title={Pursuits: spontaneous interaction with displays based on smooth pursuit eye movement and moving targets},
  author={Vidal, M{\'e}lodie and Bulling, Andreas and Gellersen, Hans},
  booktitle={Proceedings of the 2013 ACM international joint conference on Pervasive and ubiquitous computing},
  pages={439--448},
  year={2013},
  publisher={ACM},
  ADDRESS = {New York},  
}

%Selection
@incollection{Selection,
  title={Innovative user interfaces for wearable computers in real augmented environment},
  author={Zhou, Yun and David, Bertrand and Chalon, Ren{\'e}},
  booktitle={Human-Computer Interaction. Interaction Techniques and Environments},
  pages={500-509},
  year={2011},
  publisher={Springer-Verlag},
  ADDRESS = {London},  
  DOI = {10.1007/978-3-642-21605-3_55}
}

%Contact-free wearable
@inproceedings{lee2010contact,
  title={Contact-free wearable 3-D multi-point input system},
  author={Lee, Dong-Woo and Son, Yong-Ki and Lim, Jeong-mook and Cho, Il-Yeon and Lee, Cheol-Hoon},
  booktitle={Consumer Electronics (ICCE), 2010 Digest of Technical Papers International Conference on},
  pages={199-200},
  year={2010},
  publisher={IEEE},
  ADDRESS = {Las Vegas, NV},  
    DOI = {10.1109/ICCE.2010.5418934}
}

@article{hinckley1998two,
  title={Two-handed virtual manipulation},
  author={Hinckley, Ken and Pausch, Randy and Proffitt, Dennis and Kassell, Neal F},
  journal={ACM Transactions on Computer-Human Interaction (TOCHI)},
  volume={5},
  number={3},
  pages={260--302},
  year={1998},
  publisher={ACM}
}

@inproceedings{cutler1997two,
  title={Two-handed direct manipulation on the responsive workbench},
  author={Cutler, Lawrence D and Fr{\"o}hlich, Bernd and Hanrahan, Pat},
  booktitle={Proceedings of the 1997 symposium on Interactive 3D graphics},
  pages={107--114},
  year={1997},
  ADDRESS = {New York},  
  publisher={ACM}
}

@misc{tinkercad,
    Address = {Online},
    Citedate = {2014},
    Date-Modified = {2014},
    Note = {\url{https://www.TinkerCAD.com}},
    Publisher = {Autodesk, Inc},
    Read = {0},
    Title = {Mind to design in minutes},
    Typeoflit = {EB/OL}
}


@inproceedings{bergig2009place,
  title={In-place 3D sketching for authoring and augmenting mechanical systems},
  author={Bergig, Oriel and Hagbi, Nate and El-Sana, Jihad and Billinghurst, Mark},
  booktitle={Mixed and Augmented Reality, 2009. ISMAR 2009. 8th IEEE International Symposium on},
  pages={87--94},
  year={2009},
  publisher={IEEE Computer Society},
  ADDRESS = {Washington, DC, USA},  
}

@article{schkolne2002drawing,
  title={Drawing with the hand in free space: Creating 3d shapes with gesture in a semi-immersive environment},
  author={Schkolne, Steven},
  journal={Leonardo},
  volume={35},
  number={4},
  pages={371--375},
  year={2002},
  publisher={MIT Press}
}