@inproceedings{he2014object,
  title={Object creation based on free virtual grid with ARGlass},
  author={He, Zhenyi and Yang, Xubo},
  booktitle={SIGGRAPH Asia 2014 Posters},
  pages={41},
  year={2014},
  organization={ACM}
}

@inproceedings{he2014hand,
  title={Hand-based interaction for object manipulation with augmented reality glasses},
  author={He, Zhenyi and Yang, Xubo},
  booktitle={Proceedings of the 13th ACM SIGGRAPH International Conference on Virtual-Reality Continuum and its Applications in Industry},
  pages={227--230},
  year={2014},
  organization={ACM}
}